<record><leader>00000cas a22000007a 4500</leader><controlfield tag="001">15871667</controlfield><controlfield tag="008">870609d19771978inuwr ne      0    0eng d</controlfield><datafield ind1=" " ind2=" " tag="010"><subfield code="a">sn 87055509 </subfield></datafield><datafield ind1=" " ind2=" " tag="040"><subfield code="a">NPI</subfield><subfield code="b">eng</subfield><subfield code="c">NPI</subfield><subfield code="d">OCLCQ</subfield></datafield><datafield ind1=" " ind2=" " tag="042"><subfield code="a">msc</subfield></datafield><datafield ind1="0" ind2=" " tag="130"><subfield code="a">Whitestown dispatch (Whitestown, Ind. : 1977)</subfield></datafield><datafield ind1="1" ind2="4" tag="245"><subfield code="a">The Whitestown dispatch.</subfield></datafield><datafield ind1=" " ind2=" " tag="260"><subfield code="a">[Whitestown?], Ind. :</subfield><subfield code="b">Bob and Pat Heidenreich,</subfield><subfield code="c">1977-1978.</subfield></datafield><datafield ind1=" " ind2=" " tag="310"><subfield code="a">Weekly</subfield></datafield><datafield ind1="0" ind2=" " tag="362"><subfield code="a">Vol. 1, no. 1 (Nov. 17, 1977)-v. 1, no. 21 (May 4, 1978).</subfield></datafield><datafield ind1=" " ind2=" " tag="752"><subfield code="a">United States</subfield><subfield code="b">Indiana</subfield><subfield code="c">Boone</subfield><subfield code="d">Whitestown.</subfield></datafield><datafield ind1="0" ind2="7" tag="785"><subfield code="t">Thorntown sentinel</subfield><subfield code="w">(DLC)sn 87055173</subfield></datafield><datafield ind1="0" ind2="7" tag="785"><subfield code="t">Sentinel dispatch</subfield><subfield code="w">(DLC)sn 87055186</subfield></datafield></record>